
@article{Shepard:1961wo,
	Author = {Shepard, R and Hovland, C and Jenkins, H},
	Journal = {Psychological Monographs},
	Title = {{Learning and memorization of classifications}},
	Year = {1961}}

@Article{Doyen,
  author =	 {Doyen, S. AND Klein, O. AND Pichon, C. L. AND Cleermans, A.},
  title =	 {Behavioral priming: It's all in the mind, but whose mind?},
  journal =	 {PloS one},
  year =	 2012,
  volume =	 7,
  issue =	 1,
  pages =	 {e29081}
}

@Article{Simmons,
  author =	 {Simmons, J. P. AND Nelson, L. D. AND Simonsohn, U.},
  title =	 {False-positive psychology undisclosed flexibility in data
    collection and analysis allows presenting anything as significant},
  journal =	 {Psychological Science},
  year =	 2011,
  volume =	 22,
  issue =	 11,
  pages =	 {1359--1366}
}

@Article{Gneezy,
  author =	 {Gneezy, U. AND List, J. A. AND Wu, G.},
  title =	 {The uncertainty effect: When a risky prospect is valued less
    than its worst possible outcome},
  journal =	 {The Quarterly Journal of Economics},
  year =	 2006,
  volume =	 121,
  issue =	 4,
  pages =	 {1283--1309}
}

% Example entries:
@InProceedings{ChalnickBillman1988a,
  author =	 {A. Chalnick and D. Billman},
  title =	 {Unsupervised learning of correlational structure},
  booktitle =	 {Proceedings of the Tenth Annual Conference of the
                  Cognitive Science Society},
  pages =	 {510--516},
  year =	 1988,
  address =	 {Hillsdale, NJ},
  publisher =	 {Lawrence Erlbaum Associates}
}
@TechReport{OhlssonLangley1985a,
  author =	 {S. Ohlsson and P. Langley},
  title =	 {Identifying solution paths in cognitive diagnosis},
  institution =	 {Carnegie Mellon University, The Robotics Institute},
  year =	 1985,
  address =	 {Pittsburgh, PA},
  number =	 {CMU-RI-TR-85-2}
}

@PhdThesis{Lewis1978a,
  author =	 {C. Lewis},
  title =	 {Production system models of practice effects},
  school =	 {Department of Psychology, University of Michigan,
                  Ann Arbor},
  year =	 1978,
  type =	 {Doctoral dissertation}
}

@Book{NewellSimon1972a,
  author =	 {A. Newell and H. A. Simon},
  title =	 {Human problem solving},
  publisher =	 {Prentice-Hall},
  year =	 1972,
  address =	 {Englewood Cliffs, NJ}
}

@Book{ShragerLangley1990a,
  editor =	 {J. Shrager and P. Langley},
  title =	 {Computational models of scientific discovery and
                  theory formation},
  publisher =	 {Morgan Kaufmann},
  year =	 1990,
  address =	 {San Mateo, CA}
}

@InProceedings{ChalnickBillman1988a,
  author =	 {A. Chalnick and D. Billman},
  title =	 {Unsupervised learning of correlational structure},
  booktitle =	 {Proceedings of the Tenth Annual Conference of the
                  Cognitive Science Society},
  pages =	 {510--516},
  year =	 1988,
  address =	 {Hillsdale, NJ},
  publisher =	 {Lawrence Erlbaum Associates}
}
